@online{funcion,
    author = "Usbac",
    title = "MEMORIAS ¿Como Funcionan?",
    url  = "https://www.youtube.com/watch?v=fKuesSzi62c",
    keywords = "funcionamiento"
}

@online{definicion,
    title = "Concepto de MEMORIA",
    url  = "https://concepto.de/memoria/",
    keywords = "concepto,memoria"
}
@online{romram,
    author = "MindMachineTV",
    title = "¿Qué hacen la ROM y RAM?",
    url  = "https://www.youtube.com/watch?v=swOCvouHeAg",
    keywords = "romram"
}
@online{bus,
    title = "Qué es un bus informático",
    url  = "https://es.ccm.net/contents/364-que-es-un-bus-informatico",
    keywords = "bus"
}
@online{memoria,
    title = "Cuáles son los diferentes tipos de memoria de una PC",
    url  = "https://techlandia.com/definicion-microprocesador-sobre_99685/",
    keywords = "memoriaspc"
}
